@Book{cox1974theoretical,
 author = {Cox, D. R.},
 title = {Theoretical statistics},
 publisher = {Chapman and Hall},
 year = {1974},
 address = {London},
 isbn = {0412161605}
 }
 
@Book{casellaberger2002,
 author = {Casella, George and Berger, Roger},
 title = {Statistical Inference},
 publisher = {Brooks/Cole},
 year = {2002},
 address = {Belmont, CA},
 edition = 2
 }
 
@Book{myers2003researchdesign,
 author = {Meyers, Jerome and Well, Arnold},
 title = {Research Design and Statistical Analysis},
 publisher = {Lawrence Erlbaum Associates},
 year = {2003},
 address = {London},
 edition = 2
 }

@article{campbell2018diffprivanova,
  title={Differentially Private ANOVA Testing},
  author={Campbell, Zachary and Bray, Andrew and Ritz, Anna M. and Groce, Adam},
  journal={1st International Conference on Data Intelligence and Security (ICDIS)},
  year={2018},
  pages={281-285}
}

@article{schmider2010,
  title={Is it Really Robust? Reinvestigatin the Robustness of ANOVA Against Violations of the Normal Distribution Assumption},
  author={Schmider, Emanuel and Ziegler, Matthias and Danay, Erik and Beyer, Luzi and Buhner, Markus},
  journal={Methodology},
  year={2010},
  pages={147-151},
  publisher={Hogrefe Publishing}
}

@inproceedings{dwork2008differential,
  title={Differential privacy: A survey of results},
  author={Dwork, Cynthia},
  booktitle={International Conference on Theory and Applications of Models of Computation},
  pages={1--19},
  year={2008},
  organization={Springer}
}

@inproceedings{narayanan2008robust,
  title={Robust de-anonymization of large sparse datasets},
  author={Narayanan, Arvind and Shmatikov, Vitaly},
  booktitle={Security and Privacy, 2008. SP 2008. IEEE Symposium on},
  pages={111--125},
  year={2008},
  organization={IEEE}
}

@article{erlich2014routes,
  title={Routes for breaching and protecting genetic privacy},
  author={Erlich, Yaniv and Narayanan, Arvind},
  journal={Nature reviews. Genetics},
  volume={15},
  number={6},
  pages={409},
  year={2014},
  publisher={NIH Public Access}
}

@article{simmons2016enabling,
  title={Enabling privacy-preserving GWASs in heterogeneous human populations},
  author={Simmons, Sean and Sahinalp, Cenk and Berger, Bonnie},
  journal={Cell systems},
  volume={3},
  number={1},
  pages={54--61},
  year={2016},
  publisher={Elsevier}
}

@inproceedings{johnson2013privacy,
  title={Privacy-preserving data exploration in genome-wide association studies},
  author={Johnson, Aaron and Shmatikov, Vitaly},
  booktitle={Proceedings of the 19th ACM SIGKDD international conference on Knowledge discovery and data mining},
  pages={1079--1087},
  year={2013},
  organization={ACM}
}

@article{harmanci2016quantification,
  title={Quantification of private information leakage from phenotype-genotype data: linking attacks},
  author={Harmanci, Arif and Gerstein, Mark},
  journal={Nature methods},
  volume={13},
  number={3},
  pages={251},
  year={2016},
  publisher={NIH Public Access}
}

@article{li2016supporting,
  title={Supporting regularized logistic regression privately and efficiently},
  author={Li, Wenfa and Liu, Hongzhe and Yang, Peng and Xie, Wei},
  journal={PloS one},
  volume={11},
  number={6},
  pages={e0156479},
  year={2016},
  publisher={Public Library of Science}
}

@inproceedings{chaudhuri2009privacy,
  title={Privacy-preserving logistic regression},
  author={Chaudhuri, Kamalika and Monteleoni, Claire},
  booktitle={Advances in Neural Information Processing Systems},
  pages={289--296},
  year={2009}
}

@inproceedings{dwork2009differential,
  title={Differential privacy and robust statistics},
  author={Dwork, Cynthia and Lei, Jing},
  booktitle={Proceedings of the forty-first annual ACM symposium on Theory of computing},
  pages={371--380},
  year={2009},
  organization={ACM}
}

@article{zhang2012functional,
  title={Functional mechanism: regression analysis under differential privacy},
  author={Zhang, Jun and Zhang, Zhenjie and Xiao, Xiaokui and Yang, Yin and Winslett, Marianne},
  journal={Proceedings of the VLDB Endowment},
  volume={5},
  number={11},
  pages={1364--1375},
  year={2012},
  publisher={VLDB Endowment}
}

@article{honkela2016efficient,
  title={Efficient differentially private learning improves drug sensitivity prediction},
  author={Honkela, Antti and Das, Mrinal and Dikmen, Onur and Kaski, Samuel},
  journal={arXiv preprint arXiv:1606.02109},
  year={2016}
}

@article{uhlerop2013privacy,
  title={Privacy-preserving data sharing for genome-wide association studies},
  author={Uhlerop, Caroline and Slavkovi{\'c}, Aleksandra and Fienberg, Stephen E},
  journal={The Journal of privacy and confidentiality},
  volume={5},
  number={1},
  pages={137},
  year={2013},
  publisher={NIH Public Access}
}

@article{homer2008resolving,
  title={Resolving individuals contributing trace amounts of DNA to highly complex mixtures using high-density SNP genotyping microarrays},
  author={Homer, Nils and Szelinger, Szabolcs and Redman, Margot and Duggan, David and Tembe, Waibhav and Muehling, Jill and Pearson, John V and Stephan, Dietrich A and Nelson, Stanley F and Craig, David W},
  journal={PLoS genetics},
  volume={4},
  number={8},
  pages={e1000167},
  year={2008},
  publisher={Public Library of Science}
}

@article{sweeney2002k,
  title={k-anonymity: A model for protecting privacy},
  author={Sweeney, Latanya},
  journal={International Journal of Uncertainty, Fuzziness and Knowledge-Based Systems},
  volume={10},
  number={05},
  pages={557--570},
  year={2002},
  publisher={World Scientific}
}

@inproceedings{dwork2006calibrating,
  title={Calibrating noise to sensitivity in private data analysis},
  author={Dwork, Cynthia and McSherry, Frank and Nissim, Kobbi and Smith, Adam},
  booktitle={TCC},
  volume={3876},
  pages={265--284},
  year={2006},
  organization={Springer}
}

@inproceedings{nissim2007smooth,
  title={Smooth sensitivity and sampling in private data analysis},
  author={Nissim, Kobbi and Raskhodnikova, Sofya and Smith, Adam},
  booktitle={Proceedings of the thirty-ninth annual ACM symposium on Theory of computing},
  pages={75--84},
  year={2007},
  organization={ACM}
}

@article{kasiviswanathan2008note,
  title={A note on differential privacy: Defining resistance to arbitrary side information},
  author={Kasiviswanathan, Shiva Prasad and Smith, Adam},
  journal={CoRR abs/0803.3946},
  year={2008},
  publisher={Citeseer}
}

@book{snedecorcochran,
  title={Statistical methods},
  edition={8th},
  author={Snedecor, George W. and Cochran, William G.},
  year={1989},
  publisher={Iowa State University Press}
}

@inproceedings{vu2009differential,
  title={Differential privacy for clinical trial data: Preliminary evaluations},
  author={Vu, Duy and Slavkovic, Aleksandra},
  booktitle={Data Mining Workshops, 2009. ICDMW'09. IEEE International Conference on},
  pages={138--143},
  year={2009},
  organization={IEEE}
}


@inproceedings{rogers2016max,
  title={Max-information, differential privacy, and post-selection hypothesis testing},
  author={Rogers, Ryan and Roth, Aaron and Smith, Adam and Thakkar, Om},
  booktitle={Foundations of Computer Science (FOCS), 2016 IEEE 57th Annual Symposium on},
  pages={487--494},
  year={2016},
  organization={IEEE}
}

@inproceedings{gaboardi2016differentially,
  title={Differentially Private Chi-Squared Hypothesis Testing: Goodness of Fit and Independence Testing.},
  author={Gaboardi, Marco and Lim, Hyun-Woo and Rogers, Ryan M and Vadhan, Salil P},
  booktitle={ICML},
  pages={2111--2120},
  year={2016}
}

@inproceedings{feinberg2011privacy,
  title={Privacy preserving GWAS data sharing},
  author={Feinberg, Stephen and Slavkovic, Aleksandra and Uhler, Caroline},
  booktitle={Data Mining Workshops (ICDMW), 2011 IEEE 11th International Conference on},
  year={2011},
  organization={IEEE}
}


@article{uhler2013privacy,
  title={Privacy-preserving data sharing for genome-wide association studies},
  author={Uhler, Caroline and Slavkovi{\'c}, Aleksandra and Fienberg, Stephen E},
  journal={The Journal of privacy and confidentiality},
  volume={5},
  number={1},
  pages={137},
  year={2013},
  publisher={NIH Public Access}
}

@inproceedings{acs2011have,
  title={I Have a DREAM!({D}iffe{R}entially privat{E} sm{A}rt {M}etering).},
  author={{\'A}cs, Gergely and Castelluccia, Claude},
  booktitle={Information Iiding},
  volume={6958},
  pages={118--132},
  year={2011},
  organization={Springer}
}

@inproceedings{kifer2012private,
  title={Private convex empirical risk minimization and high-dimensional regression},
  author={Kifer, Daniel and Smith, Adam and Thakurta, Abhradeep},
  booktitle={Conference on Learning Theory},
  pages={25--1},
  year={2012}
}

@inproceedings{mcsherry2009differentially,
  title={Differentially private recommender systems: building privacy into the net},
  author={McSherry, Frank and Mironov, Ilya},
  booktitle={Proceedings of the 15th ACM SIGKDD International Conference on Knowledge Discovery and Data Mining},
  pages={627--636},
  year={2009},
  organization={ACM}
}

@inproceedings{mcsherry2007mechanism,
  title={Mechanism design via differential privacy},
  author={McSherry, Frank and Talwar, Kunal},
  booktitle={Foundations of Computer Science, 2007. FOCS'07. 48th Annual IEEE Symposium on},
  pages={94--103},
  year={2007},
  organization={IEEE}
}

@InProceedings{rogers2017new,
  title = 	 {{A New Class of Private Chi-Square Hypothesis Tests}},
  author = 	 {Ryan Rogers and Daniel Kifer},
  booktitle = 	 {Proceedings of the 20th International Conference on Artificial Intelligence and Statistics},
  pages = 	 {991--1000},
  year = 	 {2017},
  editor = 	 {Aarti Singh and Jerry Zhu},
  volume = 	 {54},
  series = 	 {Proceedings of Machine Learning Research},
  address = 	 {Fort Lauderdale, FL, USA},
  month = 	 {20--22 Apr},
  publisher = 	 {PMLR},
  pdf = 	 {http://proceedings.mlr.press/v54/rogers17a/rogers17a.pdf},
  url = 	 {http://proceedings.mlr.press/v54/rogers17a.html},
  abstract = 	 {In this paper, we develop new test statistics for hypothesis testing over differentially private data. These statistics are designed specifically so that their asymptotic distributions, after accounting for privacy noise, match the asymptotics of the non-private chi-square tests for testing if the multinomial data parameters lie in lower dimensional manifolds (examples include goodness-of-fit and independence testing). Empirically, these new test statistics outperform prior work, which focused on noisy versions of existing statistics.}
}


@article{ding2018comparing,
  title={Comparing Population Means under Local Differential Privacy: with Significance and Power},
  author={Ding, Bolin and Nori, Harsha and Li, Paul and Allen, Joshua},
  journal={arXiv preprint arXiv:1803.09027},
  year={2018}
}

@article{kifer2016new,
  title={A new class of private chi-square tests},
  author={Kifer, Daniel and Rogers, Ryan},
  journal={arXiv preprint arXiv:1610.07662},
  year={2016}
}

@article{balding2006tutorial,
  title={A tutorial on statistical methods for population association studies},
  author={Balding, David J},
  journal={Nature Reviews Genetics},
  volume={7},
  number={10},
  pages={781},
  year={2006},
  publisher={Nature Publishing Group}
}


@article{smith2008efficient,
  title={Efficient, differentially private point estimators},
  author={Smith, Adam},
  journal={arXiv preprint arXiv:0809.4794},
  year={2008}
}

@article{wasserman2010statistical,
  title={A statistical framework for differential privacy},
  author={Wasserman, Larry and Zhou, Shuheng},
  journal={Journal of the American Statistical Association},
  volume={105},
  number={489},
  pages={375--389},
  year={2010},
  publisher={Taylor \& Francis}
}

@inproceedings{smith2011privacy,
  title={Privacy-preserving statistical estimation with optimal convergence rates},
  author={Smith, Adam},
  booktitle={Proceedings of the forty-third annual ACM symposium on Theory of computing},
  pages={813--822},
  year={2011},
  organization={ACM}
}


@inproceedings{fienberg2011privacy,
  title={Privacy preserving GWAS data sharing},
  author={Fienberg, Stephen E and Slavkovic, Aleksandra and Uhler, Caroline},
  booktitle={Data Mining Workshops (ICDMW), 2011 IEEE 11th International Conference on},
  pages={628--635},
  year={2011},
  organization={IEEE}
}

@article{wang2015revisiting,
  title={Revisiting Differentially Private Hypothesis Tests for Categorical Data},
  author={Wang, Yue and Lee, Jaewoo and Kifer, Daniel},
  journal={arXiv preprint arXiv:1511.03376},
  year={2015}
}


@article{solea2014differentially,
  title={Differentially Private Hypothesis Testing For Normal Random Variables.},
  author={Solea, Eftychia},
  year={2014}
}

@article{d2015differential,
  title={Differential Privacy for Social Science Inference},
  author={D'Orazio, Vito and Honaker, James and King, Gary},
  year={2015}
}

@article{sheffet2015differentially,
  title={Differentially private ordinary least squares},
  author={Sheffet, Or},
  journal={arXiv preprint arXiv:1507.02482},
  year={2015}
}

@article{barrientos2017differentially,
  title={Differentially private significance tests for regression coefficients},
  author={Barrientos, Andr{\'e}s F and Reiter, Jerome P and Machanavajjhala, Ashwin and Chen, Yan},
  journal={arXiv preprint arXiv:1705.09561},
  year={2017}
}

@inproceedings{nguyen2017differentially,
  title={Differentially Private Regression for Discrete-Time Survival Analysis},
  author={Nguy{\^e}n, Th{\^o}ng T and Hui, Siu Cheung},
  booktitle={Proceedings of the 2017 ACM on Conference on Information and Knowledge Management},
  pages={1199--1208},
  year={2017},
  organization={ACM}
}
